@comment{ PhD Dissertation References          }
@comment{ Using Standard Types and Fields Only }

@comment{ Template
    title        = "",
    author       = "",
    editor       = "",
    booktitle    = "",
    journal      = "",
    edition      = "",
    series       = "",
    chapter      = "",
    volume       = "",
    number       = "",
    howpublished = "",
    institution  = "",
    organization = "",
    school       = "",
    publisher    = "",
    address      = "",
    month        = "",
    year         = "",
    pages        = "",
    note         = ""
}

@misc{ ??,
    author       = "Undefined Reference",
    year         = "0000"
}

@comment{ ----- Matt's Publications ----- }

@book{ bishop:book,
    title        = "Computer Security: Art and Science",
    author       = "Matt Bishop",
    publisher    = "Addison-Wesley",
    year         = "2003"
}

@comment{ ----- Personal Publications ----- }

@inproceedings{ bishop:nspw:2008,
    title        = "We Have Met the Enemy and He is Us",
    author       = "Matt Bishop and Sophie Engle and Sean Peisert and Sean Whalen and Carrie Gates",
    booktitle    = "Proceedings of the 2008 New Security Paradigms Workshop (NSPW)",
    month        = "September",
    year         = "2008",
    pages        = "1--12"
}

@inproceedings{ bishop:hicss:2009,
    title        = "Case Studies of an Insider Framework",
    author       = "Matt Bishop and Sophie Engle and Sean Peisert and Sean Whalen and Carrie Gates",
    booktitle    = "Proceedings of the 42nd Hawaii International Conference on System Sciences (HICSS)",
    month        = "January",
    year         = "2009",
    pages        = "1--10"
}

@incollection{ insider:book,
    title        = "A Risk Management Approach to the ``Insider Threat''",
    author       = "Matt Bishop and Sophie Engle and Deborah A. Frincke and Carrie Gates and Frank L. Greitzer and Sean Peisert and Sean Whalen",
    booktitle    = "Insider Threats in Cybersecurity---And Beyond",
    publisher    = "Springer Verlag",
    address      = "Berlin",
    year         = "2010 (to appear)"
}

@comment{ ----- Personal Technical Reports ----- }

@techreport{ whalen:cse200504,
    title        = "Protocol Vulnerability Analysis",
    author       = "Sean Whalen and Sophie Engle and Matt Bishop",
    institution  = "Department of Computer Science, University of California, Davis",
    type         = "Technical Report",
    number       = "CSE-2005-04",
    year         = "2005"
}

@techreport{ engle:cse200610,
    title        = "Tree Approach to Vulnerability Classification",
    author       = "Sophie Engle and Sean Whalen and Damien Howard and Matt Bishop",
    institution  = "Department of Computer Science, University of California, Davis",
    type         = "Technical Report",
    number       = "CSE-2006-10",
    year         = "2006"
}

@techreport{ engle:cse200611,
    title        = "A Practical Formalism for Vulnerability Comparison",
    author       = "Sophie Engle and Sean Whalen and Damien Howard and Adam Carlson and Elliot Proebstel and Matt Bishop",
    institution  = "Department of Computer Science, University of California, Davis",
    type         = "Technical Report",
    number       = "CSE-2006-11",
    year         = "2006"
}

@techreport{ engle:cse200814,
    title        = "Modeling Computer Insecurity",
    author       = "Sophie Engle and Sean Whalen and Matt Bishop",
    type         = "Technical Report",
    institution  = "Department of Computer Science, University of California, Davis",
    number       = "CSE-2008-14",
    year         = "2008"
}

@techreport{ engle:cse201001,
    title        = "A Taxonomy of Buffer Overflow Preconditions",
    author       = "Matt Bishop and Damien Howard and Sophie Engle and Sean Whalen",
    type         = "Technical Report",
    institution  = "Department of Computer Science, University of California, Davis",
    number       = "CSE-2010-01",
    year         = "2010"
}
