@ARTICLE{CMS_AN_2010-430,
     AUTHOR       = "Bachtis, M. and others",
     TITLE        = "Search for neutral Higgs boson decaying into $\tau$ pairs with $35$~pb$^{âˆ’1}$ at $\sqrt{s} = 7$~TeV using HPS $\tau$ identification algorithm",
     JOURNAL      = "CMS Note",
     VOLUME       = "\href{http://cms.cern.ch/iCMS/jsp/openfile.jsp?tp=draft&files=AN2010_430_v3.pdf}{2010/430}",
     YEAR         = "2010"}

@ARTICLE{CMS_AN_2010-460,
     AUTHOR       = "Cerati, G. and others",
     TITLE        = "Search for MSSM neutral Higgs $\rightarrow \tau^{+} \tau^{-}$ Production using the TaNC Tau id. algorithm",
     JOURNAL      = "CMS Note",
     VOLUME       = "\href{http://cms.cern.ch/iCMS/jsp/openfile.jsp?tp=draft&files=AN2010_460_v3.pdf}{2010/460}",
     YEAR         = "2010"}

@ARTICLE{CMS_AN_2011-021,
     AUTHOR       = "Conway, J. and  Friis, E.K. and Veelken, C.",
     TITLE        = "Measurement of the $Z/\gamma^{*} \rightarrow \tau^{+} \tau^{-}$ Production Cross--section in the $\mu + \tau_{had}$ final state using the HPS+TaNC Tau id. algorithm",
     JOURNAL      = "CMS Note",
     VOLUME       = "\href{http://http://cms.cern.ch/iCMS/jsp/openfile.jsp?tp=draft&files=AN2011_021_v3.pdf}{2011/021}",
     YEAR         = "2011"}

@ARTICLE{CMS_AN_2011-049,
     AUTHOR       = "Conway, J. and  Friis, E.K. and Veelken, C.",
     TITLE        = "Estimation of backgrounds via Template and Fake--Rate methods in $Z/\gamma^{*} \rightarrow \tau^{+} \tau^{-} \rightarrow \mu \tau_{had}$ candidate events selected by the HPS tau identification algorithm",
     JOURNAL      = "CMS Note",
     VOLUME       = "\href{http://cms.cern.ch/iCMS/jsp/openfile.jsp?tp=draft&files=AN2011_049_v1.pdf}{2011/049}",
     YEAR         = "2010"}

@ARTICLE{CMS_AN_2011-051,
     AUTHOR       = "Conway, J. and  Friis, E.K. and Veelken, C.",
     TITLE        = "Effect of overlap in event samples between $Z/\gamma^{*} \to \tau^{+} \tau^{-} \to \mu + \tau_{had}$ Cross--section analysis and Tau id. efficiency measurement",
     JOURNAL      = "CMS Note",
     VOLUME       = "\href{http://cms.cern.ch/iCMS/jsp/openfile.jsp?tp=draft&files=AN2011_051_v1.pdf}{2011/051}",
     YEAR         = "2010"}

@ARTICLE{CMS_AN_2010-099,
     AUTHOR       = "Conway, J. and  Friis, E.K. and Squires, M. and Veelken, C.",
     TITLE        = "The Tau Neural Classifier algorithm: tau identification and decay mode reconstruction using neural networks",
     JOURNAL      = "CMS Note",
     VOLUME       = "\href{http://cms.cern.ch:80/iCMS/jsp/openfile.jsp?tp=draft&files=AN2010_099_v1.pdf}{2010/099}",
     YEAR         = "2010"}

@ARTICLE{CMS_AN_2010-074,
     AUTHOR        = "Conway, J. and  Friis, E.K. and Veelken, C.",
     TITLE         = "Estimation of Background contributions to Tau analyses via Fake--Rate technique",
     JOURNAL       = "CMS Note",
     VOLUME        = "\href{http://cms.cern.ch/iCMS/jsp/openfile.jsp?tp=draft&files=AN2010_074_v1.pdf}{2010/074}",
     YEAR          = "2010"}

@article{EWK-10-013,
      title        = "{Measurement of the Inclusive $Z\rightarrow\tau\tau$ Cross Section in $pp$ Collisions at $\sqrt s = 7$~TeV}",
      year = "2011",
      collaboration = "CMS",
      journal="to be published",
}

@article{HIG-10-002,
      title        = "{Search For Neutral MSSM Higgs Boson Production via Decays to Tau Pairs in $pp$ Collisions at $\sqrt s = 7$~TeV}", 
      year = "2011",
      collaboration = "CMS",
      journal="to be published",
}

@Article{CMS-PTDRII,      
author    = "{CMS Collaboration}",  
title     = "{CMS technical design report, volume II: Physics performance}",      
journal   = "J. Phys.",      
volume    = "G34",      
year      = "2007",      
pages     = "995-1579",      
doi       = "10.1088/0954-3899/34/6/S01"} 

@Article{PDG,
     author    = "Nakamura, K and others",
     collaboration = "Particle Data Group",
     title     = "{Review of particle physics}",
     journal   = "J. Phys.",
     volume    = "G37",
     year      = "2010",
     pages     = "075021",
     doi       = "10.1088/0954-3899/37/7A/075021",
     SLACcitation  = "%%CITATION = JPHGB,G37,075021;%%"
}

@article{TMVA,
author = {Hoecker, A and Speckmayer, P and Stelzer, J and Therhaag, J and Toerne, E von and Voss, H and Backes, M and Carli, T and Cohen, O and Christov, A and Dannheim, D and Danielowski, K and Henrot-Versille, S and Jachowski, M and Kraszewski, K and Jr, A Krasznahorkay and Kruk, M and Mahalalel, Y and Ospanov, R and Prudent, X and Robert, A and Schouten, D and Tegenfeldt, F and Voigt, A and Voss, K and Wolter, M and Zemla, A},
title = {{TMVA - Toolkit for Multivariate Data Analysis}},
journal = {arXiv},
year = {2007},
volume = {physics.data-an},
month = {mar},
note = {Published in: PoSACAT:040,2007
TMVA-v4 Users Guide: 135 pages, 19 figures, numerous code examples
  and references}
}

% %%%%%%%%%%%%%%%%%%%%%%%%%%%%%%%%%%%%%%%%%%%%%%%%%%%%%%%%%%%%%%%%%%%%%%%%%%%%
% THEORY PAPERS
% %%%%%%%%%%%%%%%%%%%%%%%%%%%%%%%%%%%%%%%%%%%%%%%%%%%%%%%%%%%%%%%%%%%%%%%%%%%%

% Goldstone bosons
@Article{Goldstone:1961eq,
     author    = "Goldstone, J.",
     title     = "{Field Theories with Superconductor Solutions}",
     journal   = "Nuovo Cim.",
     volume    = "19",
     year      = "1961",
     pages     = "154-164",
     doi       = "10.1007/BF02812722",
     SLACcitation  = "%%CITATION = NUCIA,19,154;%%"
}
@Article{PhysRev.127.965,
  title = {Broken Symmetries},
  author = {Goldstone, Jeffrey  and Salam, Abdus  and Weinberg, Steven },
  journal = {Phys. Rev.},
  volume = {127},
  number = {3},
  pages = {965--970},
  numpages = {5},
  year = {1962},
  month = {Aug},
  doi = {10.1103/PhysRev.127.965},
  publisher = {American Physical Society}
}


% Higgs
@Article{PhysRevLett.13.321,
  title = {Broken Symmetry and the Mass of Gauge Vector Mesons},
  author = {Englert, F.  and Brout, R. },
  journal = {Phys. Rev. Lett.},
  volume = {13},
  number = {9},
  pages = {321--323},
  numpages = {2},
  year = {1964},
  month = {Aug},
  doi = {10.1103/PhysRevLett.13.321},
  publisher = {American Physical Society}
}

@Article{PhysRevLett.13.508,
  title = {Broken Symmetries and the Masses of Gauge Bosons},
  author = {Higgs, Peter W.},
  journal = {Phys. Rev. Lett.},
  volume = {13},
  number = {16},
  pages = {508--509},
  numpages = {1},
  year = {1964},
  month = {Oct},
  doi = {10.1103/PhysRevLett.13.508},
  publisher = {American Physical Society}
}

@Article{PhysRevLett.13.585,
  title = {Global Conservation Laws and Massless Particles},
  author = {Guralnik, G. S. and Hagen, C. R. and Kibble, T. W. B.},
  journal = {Phys. Rev. Lett.},
  volume = {13},
  number = {20},
  pages = {585--587},
  numpages = {2},
  year = {1964},
  month = {Nov},
  doi = {10.1103/PhysRevLett.13.585},
  publisher = {American Physical Society}
}
% /Higgs

% GWS

@article{Glashow:1961tr,
      author         = "Glashow, S.L.",
      title          = "{Partial Symmetries of Weak Interactions}",
      journal        = "Nucl.Phys.",
      volume         = "22",
      pages          = "579-588",
      doi            = "10.1016/0029-5582(61)90469-2",
      year           = "1961",
}

@article{Weinberg:1967tq,
      author         = "Weinberg, Steven",
      title          = "{A Model of Leptons}",
      journal        = "Phys.Rev.Lett.",
      volume         = "19",
      pages          = "1264-1266",
      doi            = "10.1103/PhysRevLett.19.1264",
      year           = "1967",
}
@Article{Salam:1968rm,
     author    = "Salam, Abdus",
     title     = "{Weak and Electromagnetic Interactions}",
     note     = "Originally printed in *Svartholm: Elementary Particle
                  Theory, Proceedings Of The Nobel Symposium Held 1968 At
                  Lerum, Sweden*, Stockholm 1968, 367-377",
     SLACcitation  = "%%CITATION = CONFP,C680519,367;%%"
}

@article{Martin:1997um,
  author = {Martin, Stephen P},
  title = {{A Supersymmetry Primer}},
  journal = {arXiv},
  year = {1997},
  volume = {hep-ph},
  month = {sep},
  note = {128 pages. Version 5 (December 2008) contains a change in convention
    that flips the signs of sigma and sigmabar matrices. It also contains a total
      of about 2 pages of updates, mostly on supersymmetry breaking issues. Errata
      and a version with larger type (12 pt, 142 pages) can be found at
      http://zippy.physics.niu.edu/primer.html}
}



% Cross section plots
@Article{MSTWXSectionPlots,
  url = "http://projects.hepforge.org/mstwpdf/plots/plots.html",
  key = "mstwowkringgroup"
}

@Article{UA1ZDiscovery,
     author    = "Arnison, G. and others",
 collaboration = "UA1",
     title     = "{Experimental observation of lepton pairs of invariant mass
                  around 95~\GeVcc at the CERN SPS collider}",
     journal   = "Phys. Lett.",
     volume    = "B126",
     year      = "1983",
     pages     = "398-410",
     doi       = "10.1016/0370-2693(83)90188-0",
     SLACcitation  = "%%CITATION = PHLTA,B126,398;%%"
}

@Article{UA2ZDiscovery,
     author    = "Bagnaia, P. and others",
 collaboration = "UA2",
     title     = "{Evidence for $Z^0 \to e^+ e^-$ at the CERN 
       $\overline {\mathrm p}{\mathrm p}$ collider}",
     journal   = "Phys. Lett.",
     volume    = "B129",
     year      = "1983",
     pages     = "130-140",
     doi       = "10.1016/0370-2693(83)90744-X",
     SLACcitation  = "%%CITATION = PHLTA,B129,130;%%"
}


@Article{UA1WDiscovery,
     author    = "Arnison, G. and others",
     collaboration = "UA1",
     title     = "{Experimental observation of isolated large transverse
                  energy electrons  with associated missing energy at
                  $\sqrt{s} = 540 \GeV$}",
     journal   = "Phys. Lett.",
     volume    = "B122",
     year      = "1983",
     pages     = "103-116",
     SLACcitation  = "%%CITATION = PHLTA,B122,103;%%"
}

@Article{UA2WDiscovery,
     author    = "Banner, M. and others",
     collaboration = "UA2",
     title     = "{Observation of single isolated electrons of high
                  transverse momentum in  events with missing transverse
                  energy at the CERN $\overline {\mathrm p}{\mathrm
                    p}$ collider}",
     journal   = "Phys. Lett.",
     volume    = "B122",
     year      = "1983",
     pages     = "476-485",
     doi       = "10.1016/0370-2693(83)91605-2",
     SLACcitation  = "%%CITATION = PHLTA,B122,476;%%"
}

@article{LEPHiggsSearches,
  title = "Search for the Standard Model Higgs boson at LEP",
  journal = "Physics Letters B",
  volume = "565",
  number = "",
  pages = "61 - 75",
  year = "2003",
  note = "",
  issn = "0370-2693",
  doi = "DOI: 10.1016/S0370-2693(03)00614-2",
  url = "http://www.sciencedirect.com/science/article/B6TVN-48PDV1V-2/2/7c931e9f7fbd7602b68bf4df680dfee8",
  key = "tagkey200361"
}




@book{Griffiths:IntroParticle,
  title = {Introduction to Elementary Particles},
  author = {David Griffiths},
  publisher = {Wiley-VCH},
  year = 2004
}

@book{Morii:SMandBSM,
  title = {The Physics of the Standard Model and Beyond},
  author = {T. Morii, C.S. Lim, S.N. Mukherjee},
  publisher = {World Scientific},
  year = 2004
}

@article{Kolmogorov,
  author = {A.~Kolmogorov},
  title = {On the representation of continuous functions of several variables
    by superposition of continuous functions of one variable and addition},
  journal = {Doklady Akademiia Nauk SSSR},
  volume = 114, 
  year = 1957
}

@article{CMS-PAS-PFT-08-001,
      title        = "{CMS Strategies for tau reconstruction and identification
                      using particle-flow techniques}",
      year = "2008",
      collaboration = "CMS",
      journal="CMS PAS",
      volume="\href{http://cdsweb.cern.ch/record/1198228/files/PFT-08-001-pas.pdf}{CMS-PAS-PFT-08-001}"
}

@article{CMS-PAS-PFT-09-001,
      title        = "{Particle-Flow Event Reconstruction in CMS and Performance
                      for Jets, Taus, and MET}",
      year         = "2009",
      journal="CMS PAS",
      collaboration = "CMS",
      volume="\href{http://cdsweb.cern.ch/record/1194487/files/PFT-09-001-pas.pdf}{CMS-PAS-PFT-09-001}"
}

@article{CMS-PAS-PFT-10-001,
      title        = "{Commissioning of the Particle-flow Event Reconstruction
                      with the first LHC collisions recorded in the CMS
                      detector}",
      year = "2010",
      collaboration = "CMS",
      journal="CMS PAS",
      volume="\href{http://cdsweb.cern.ch/record/1247373/files/PFT-10-001-pas.pdf}{CMS-PAS-PFT-10-001}"
}

@article{CMS-PAS-PFT-10-004,
      title        = "{Study of tau reconstruction algorithms using $pp$ collisions
                      data collected at $\sqrt{s}$ = 7 TeV}",
      year = "2010",
      collaboration = "CMS",
      journal="CMS PAS",
      volume="\href{http://cdsweb.cern.ch/record/1279358/files/PFT-10-004-pas.pdf}{CMS-PAS-PFT-10-004}"
}
@Article{Khachatryan:2011as,
     author    = "Khachatryan, Vardan and others",
 collaboration = "CMS",
     title     = "{Measurement of Dijet Angular Distributions and Search for
                  Quark Compositeness in pp Collisions at 7 TeV}",
     year      = "2011",
     eprint    = "1102.2020",
     archivePrefix = "arXiv",
     primaryClass  =  "hep-ex",
     SLACcitation  = "%%CITATION = 1102.2020;%%"
}
@Article{Chatrchyan:2011sx,
     author    = "Chatrchyan, Serguei and others",
 collaboration = "CMS",
     title     = "{Observation and studies of jet quenching in PbPb
                  collisions at nucleon-nucleon center-of-mass energy = 2.76
                  TeV}",
     year      = "2011",
     eprint    = "1102.1957",
     archivePrefix = "arXiv",
     primaryClass  =  "nucl-ex",
     SLACcitation  = "%%CITATION = 1102.1957;%%"
}
@Article{Khachatryan:2011dx,
     author    = "Khachatryan, Vardan and others",
 collaboration = "CMS",
     title     = "{First Measurement of Hadronic Event Shapes in pp
                  Collisions at sqrt(s)=7 TeV}",
     year      = "2011",
     eprint    = "1102.0068",
     archivePrefix = "arXiv",
     primaryClass  =  "hep-ex",
     SLACcitation  = "%%CITATION = 1102.0068;%%"
}
@Article{Khachatryan:2011zj,
     author    = "Khachatryan, Vardan and others",
 collaboration = "CMS",
     title     = "{Dijet Azimuthal Decorrelations in pp Collisions at sqrt(s)
                  = 7 TeV}",
     year      = "2011",
     eprint    = "1101.5029",
     archivePrefix = "arXiv",
     primaryClass  =  "hep-ex",
     SLACcitation  = "%%CITATION = 1101.5029;%%"
}
@Article{Khachatryan:2011hi,
     author    = "Khachatryan, Vardan and others",
 collaboration = "CMS",
     title     = "{Measurement of Bose-Einstein Correlations in pp Collisions
                  at sqrt(s)=0.9 and 7 TeV}",
     year      = "2011",
     eprint    = "1101.3518",
     archivePrefix = "arXiv",
     primaryClass  =  "hep-ex",
     SLACcitation  = "%%CITATION = 1101.3518;%%"
}
@Article{Khachatryan:2011hf,
     author    = "Khachatryan, Vardan and others",
 collaboration = "CMS",
     title     = "{Inclusive b-hadron production cross section with muons in
                  pp collisions at sqrt(s) = 7 TeV}",
     year      = "2011",
     eprint    = "1101.3512",
     archivePrefix = "arXiv",
     primaryClass  =  "hep-ex",
     SLACcitation  = "%%CITATION = 1101.3512;%%"
}
@Article{Khachatryan:2011ts,
     author    = "Khachatryan, Vardan and others",
 collaboration = "CMS",
     title     = "{Search for Heavy Stable Charged Particles in pp collisions
                  at sqrt(s)=7 TeV}",
     year      = "2011",
     eprint    = "1101.1645",
     archivePrefix = "arXiv",
     primaryClass  =  "hep-ex",
     SLACcitation  = "%%CITATION = 1101.1645;%%"
}
@Article{Khachatryan:2011tk,
     author    = "Khachatryan, Vardan and others",
 collaboration = "CMS",
     title     = "{Search for Supersymmetry in pp Collisions at 7 TeV in
                  Events with Jets and Missing Transverse Energy}",
     year      = "2011",
     eprint    = "1101.1628",
     archivePrefix = "arXiv",
     primaryClass  =  "hep-ex",
     SLACcitation  = "%%CITATION = 1101.1628;%%"
}
@Article{Khachatryan:2011mk,
     author    = "Khachatryan, Vardan and others",
 collaboration = "CMS",
     title     = "{Measurement of the B+ Production Cross Section in pp
                  Collisions at sqrt(s) = 7 TeV}",
     year      = "2011",
     eprint    = "1101.0131",
     archivePrefix = "arXiv",
     primaryClass  =  "hep-ex",
     SLACcitation  = "%%CITATION = 1101.0131;%%"
}
@Article{Khachatryan:2010fa,
     author    = "Khachatryan, Vardan and others",
 collaboration = "CMS",
     title     = "{Search for a heavy gauge boson W' in the final state with
                  an electron and large missing transverse energy in pp
                  collisions at sqrt(s) = 7 TeV}",
     year      = "2010",
     eprint    = "1012.5945",
     archivePrefix = "arXiv",
     primaryClass  =  "hep-ex",
     SLACcitation  = "%%CITATION = 1012.5945;%%"
}
@Article{Khachatryan:2010zg,
     author    = "Khachatryan, Vardan and others",
 collaboration = "CMS",
     title     = "{Measurement of the Inclusive Upsilon production cross
                  section in pp collisions at sqrt(s)=7 TeV}",
     year      = "2010",
     eprint    = "1012.5545",
     archivePrefix = "arXiv",
     primaryClass  =  "hep-ex",
     SLACcitation  = "%%CITATION = 1012.5545;%%"
}
@Article{Khachatryan:2010mq,
     author    = "Khachatryan, Vardan and others",
 collaboration = "CMS",
     title     = "{Search for Pair Production of Second-Generation Scalar
                  Leptoquarks in pp Collisions at sqrt(s) = 7 TeV}",
     year      = "2010",
     eprint    = "1012.4033",
     archivePrefix = "arXiv",
     primaryClass  =  "hep-ex",
     SLACcitation  = "%%CITATION = 1012.4033;%%"
}
@Article{Khachatryan:2010mp,
     author    = "Khachatryan, Vardan and others",
 collaboration = "CMS",
     title     = "{Search for Pair Production of First-Generation Scalar
                  Leptoquarks in pp Collisions at sqrt(s) = 7 TeV}",
     year      = "2010",
     eprint    = "1012.4031",
     archivePrefix = "arXiv",
     primaryClass  =  "hep-ex",
     SLACcitation  = "%%CITATION = 1012.4031;%%"
}
@Article{Khachatryan:2010wx,
     author    = "Khachatryan, Vardan and others",
 collaboration = "CMS",
     title     = "{Search for Microscopic Black Hole Signatures at the Large
                  Hadron Collider}",
     year      = "2010",
     eprint    = "1012.3375",
     archivePrefix = "arXiv",
     primaryClass  =  "hep-ex",
     SLACcitation  = "%%CITATION = 1012.3375;%%"
}
@Article{Khachatryan:2010xn,
     author    = "Khachatryan, Vardan and others",
 collaboration = "CMS",
     title     = "{Measurements of Inclusive W and Z Cross Sections in pp
                  Collisions at sqrt(s)=7 TeV}",
     journal   = "JHEP",
     volume    = "01",
     year      = "2011",
     pages     = "080",
     eprint    = "1012.2466",
     archivePrefix = "arXiv",
     primaryClass  =  "hep-ex",
     SLACcitation  = "%%CITATION = 1012.2466;%%"
}
@Article{Khachatryan:2010fm,
     author    = "Khachatryan, Vardan and others",
 collaboration = "CMS",
     title     = "{Measurement of the Isolated Prompt Photon Production Cross
                  Section in pp Collisions at sqrt(s) = 7 TeV}",
     year      = "2010",
     eprint    = "1012.0799",
     archivePrefix = "arXiv",
     primaryClass  =  "hep-ex",
     SLACcitation  = "%%CITATION = 1012.0799;%%"
}
@Article{Khachatryan:2010uf,
     author    = "Khachatryan, Vardan and others",
 collaboration = "CMS",
     title     = "{Search for Stopped Gluinos in pp collisions at sqrt s = 7
                  TeV}",
     journal   = "Phys. Rev. Lett.",
     volume    = "106",
     year      = "2011",
     pages     = "011801",
     eprint    = "1011.5861",
     archivePrefix = "arXiv",
     primaryClass  =  "hep-ex",
     SLACcitation  = "%%CITATION = 1011.5861;%%"
}
@Article{Khachatryan:2010nk,
     author    = "Khachatryan, Vardan and others",
 collaboration = "CMS",
     title     = "{Charged particle multiplicities in pp interactions at
                  sqrt(s) = 0.9, 2.36, and 7 TeV}",
     journal   = "JHEP",
     volume    = "01",
     year      = "2011",
     pages     = "079",
     eprint    = "1011.5531",
     archivePrefix = "arXiv",
     primaryClass  =  "hep-ex",
     SLACcitation  = "%%CITATION = 1011.5531;%%"
}
@Article{Khachatryan:2010yr,
     author    = "Khachatryan, V. and others",
 collaboration = "CMS",
     title     = "{Prompt and non-prompt J/psi production in pp collisions at
                  sqrt(s) = 7 TeV}",
     year      = "2010",
     eprint    = "1011.4193",
     archivePrefix = "arXiv",
     primaryClass  =  "hep-ex",
     SLACcitation  = "%%CITATION = 1011.4193;%%"
}
@Article{Khachatryan:2010ez,
     author    = "Khachatryan, V. and others",
 collaboration = "CMS",
     title     = "{First Measurement of the Cross Section for Top-Quark Pair
                  Production in Proton-Proton Collisions at sqrt(s)=7 TeV}",
     journal   = "Phys. Lett.",
     volume    = "B695",
     year      = "2011",
     pages     = "424-443",
     eprint    = "1010.5994",
     archivePrefix = "arXiv",
     primaryClass  =  "hep-ex",
     SLACcitation  = "%%CITATION = 1010.5994;%%"
}
@Article{Khachatryan:2010te,
     author    = "Khachatryan, Vardan and others",
 collaboration = "CMS",
     title     = "{Search for Quark Compositeness with the Dijet Centrality
                  Ratio in pp Collisions at sqrt(s)=7 TeV}",
     journal   = "Phys. Rev. Lett.",
     volume    = "105",
     year      = "2010",
     pages     = "262001",
     eprint    = "1010.4439",
     archivePrefix = "arXiv",
     primaryClass  =  "hep-ex",
     SLACcitation  = "%%CITATION = 1010.4439;%%"
}
@Article{Khachatryan:2010jd,
     author    = "Khachatryan, Vardan and others",
 collaboration = "CMS",
     title     = "{Search for Dijet Resonances in 7 TeV pp Collisions at
                  CMS}",
     journal   = "Phys. Rev. Lett.",
     volume    = "105",
     year      = "2010",
     pages     = "211801",
     eprint    = "1010.0203",
     archivePrefix = "arXiv",
     primaryClass  =  "hep-ex",
     SLACcitation  = "%%CITATION = 1010.0203;%%"
}
@Article{Khachatryan:2010gv,
     author    = "Khachatryan, Vardan and others",
 collaboration = "CMS",
     title     = "{Observation of Long-Range Near-Side Angular Correlations
                  in Proton-Proton Collisions at the LHC}",
     journal   = "JHEP",
     volume    = "09",
     year      = "2010",
     pages     = "091",
     eprint    = "1009.4122",
     archivePrefix = "arXiv",
     primaryClass  =  "hep-ex",
     SLACcitation  = "%%CITATION = 1009.4122;%%"
}
@Article{Khachatryan:2010pw,
     author    = "Khachatryan, Vardan and others",
 collaboration = "CMS",
     title     = "{CMS Tracking Performance Results from early LHC
                  Operation}",
     journal   = "Eur. Phys. J.",
     volume    = "C70",
     year      = "2010",
     pages     = "1165-1192",
     eprint    = "1007.1988",
     archivePrefix = "arXiv",
     primaryClass  =  "physics.ins-det",
     SLACcitation  = "%%CITATION = 1007.1988;%%"
}
@Article{Khachatryan:2010pv,
     author    = "Khachatryan, Vardan and others",
 collaboration = "CMS",
     title     = "{Measurement of the Underlying Event Activity in Proton-
                  Proton Collisions at 0.9 TeV}",
     journal   = "Eur. Phys. J.",
     volume    = "C70",
     year      = "2010",
     pages     = "555-572",
     eprint    = "1006.2083",
     archivePrefix = "arXiv",
     primaryClass  =  "hep-ex",
     SLACcitation  = "%%CITATION = 1006.2083;%%"
}
@Article{Khachatryan:2010mw,
     author    = "Khachatryan, Vardan and others",
 collaboration = "CMS",
     title     = "{Measurement of the charge ratio of atmospheric muons with
                  the CMS detector}",
     journal   = "Phys. Lett.",
     volume    = "B692",
     year      = "2010",
     pages     = "83-104",
     eprint    = "1005.5332",
     archivePrefix = "arXiv",
     primaryClass  =  "hep-ex",
     SLACcitation  = "%%CITATION = 1005.5332;%%"
}
@Article{Khachatryan:2010us,
     author    = "Khachatryan, Vardan and others",
 collaboration = "CMS",
     title     = "{Transverse-momentum and pseudorapidity distributions of
                  charged hadrons in pp collisions at sqrt(s) = 7 TeV}",
     journal   = "Phys. Rev. Lett.",
     volume    = "105",
     year      = "2010",
     pages     = "022002",
     eprint    = "1005.3299",
     archivePrefix = "arXiv",
     primaryClass  =  "hep-ex",
     SLACcitation  = "%%CITATION = 1005.3299;%%"
}
@Article{Khachatryan:2010un,
     author    = "Khachatryan, Vardan and others",
 collaboration = "CMS",
     title     = "{Measurement of Bose-Einstein correlations with first CMS
                  data}",
     journal   = "Phys. Rev. Lett.",
     volume    = "105",
     year      = "2010",
     pages     = "032001",
     eprint    = "1005.3294",
     archivePrefix = "arXiv",
     primaryClass  =  "hep-ex",
     SLACcitation  = "%%CITATION = 1005.3294;%%"
}
@Article{Khachatryan:2010xs,
     author    = "Khachatryan, Vardan and others",
 collaboration = "CMS",
     title     = "{Transverse momentum and pseudorapidity distributions of
                  charged hadrons in pp collisions at sqrt(s) = 0.9 and 2.36
                  TeV}",
     journal   = "JHEP",
     volume    = "02",
     year      = "2010",
     pages     = "041",
     eprint    = "1002.0621",
     archivePrefix = "arXiv",
     primaryClass  =  "hep-ex",
     SLACcitation  = "%%CITATION = 1002.0621;%%"
}
@Article{:2009dv,
     author    = "Chatrchyan, Serguei and others",
 collaboration = "CMS",
     title     = "{Commissioning and Performance of the CMS Pixel Tracker
                  with Cosmic Ray Muons}",
     journal   = "JINST",
     volume    = "5",
     year      = "2010",
     pages     = "T03007",
     eprint    = "0911.5434",
     archivePrefix = "arXiv",
     primaryClass  =  "physics.ins-det",
     SLACcitation  = "%%CITATION = 0911.5434;%%"
}
@Article{:2009dq,
     author    = "Chatrchyan, Serguei and others",
 collaboration = "CMS",
     title     = "{Performance of the CMS Level-1 Trigger during
                  Commissioning with Cosmic Ray Muons}",
     journal   = "JINST",
     volume    = "5",
     year      = "2010",
     pages     = "T03002",
     eprint    = "0911.5422",
     archivePrefix = "arXiv",
     primaryClass  =  "physics.ins-det",
     SLACcitation  = "%%CITATION = 0911.5422;%%"
}
@Article{:2009dg,
     author    = "Chatrchyan, Serguei and others",
 collaboration = "CMS",
     title     = "{Measurement of the Muon Stopping Power in Lead
                  Tungstate}",
     journal   = "JINST",
     volume    = "5",
     year      = "2010",
     pages     = "P03007",
     eprint    = "0911.5397",
     archivePrefix = "arXiv",
     primaryClass  =  "physics.ins-det",
     SLACcitation  = "%%CITATION = 0911.5397;%%"
}
@Article{:2009vs,
     author    = "Chatrchyan, Serguei and others",
 collaboration = "CMS",
     title     = "{Commissioning and Performance of the CMS Silicon Strip
                  Tracker with Cosmic Ray Muons}",
     journal   = "JINST",
     volume    = "5",
     year      = "2010",
     pages     = "T03008",
     eprint    = "0911.4996",
     archivePrefix = "arXiv",
     primaryClass  =  "physics.ins-det",
     SLACcitation  = "%%CITATION = 0911.4996;%%"
}
@Article{:2009vq,
     author    = "Chatrchyan, Serguei and others",
 collaboration = "CMS",
     title     = "{Performance of CMS Muon Reconstruction in Cosmic-Ray
                  Events}",
     journal   = "JINST",
     volume    = "5",
     year      = "2010",
     pages     = "T03022",
     eprint    = "0911.4994",
     archivePrefix = "arXiv",
     primaryClass  =  "physics.ins-det",
     SLACcitation  = "%%CITATION = 0911.4994;%%"
}
@Article{:2009vp,
     author    = "Chatrchyan, Serguei and others",
 collaboration = "CMS",
     title     = "{Performance of the CMS Cathode Strip Chambers with Cosmic
                  Rays}",
     journal   = "JINST",
     volume    = "5",
     year      = "2010",
     pages     = "T03018",
     eprint    = "0911.4992",
     archivePrefix = "arXiv",
     primaryClass  =  "physics.ins-det",
     SLACcitation  = "%%CITATION = 0911.4992;%%"
}
@Article{:2009vn,
     author    = "Chatrchyan, Serguei and others",
 collaboration = "CMS",
     title     = "{Performance of the CMS Hadron Calorimeter with Cosmic Ray
                  Muons and LHC Beam Data}",
     journal   = "JINST",
     volume    = "5",
     year      = "2010",
     pages     = "T03012",
     eprint    = "0911.4991",
     archivePrefix = "arXiv",
     primaryClass  =  "physics.ins-det",
     SLACcitation  = "%%CITATION = 0911.4991;%%"
}
@Article{Chatrchyan:2009im,
     author    = "Chatrchyan, Serguei and others",
 collaboration = "CMS",
     title     = "{Fine Synchronization of the CMS Muon Drift-Tube Local
                  Trigger using Cosmic Rays}",
     journal   = "JINST",
     volume    = "5",
     year      = "2010",
     pages     = "T03004",
     eprint    = "0911.4904",
     archivePrefix = "arXiv",
     primaryClass  =  "physics.ins-det",
     SLACcitation  = "%%CITATION = 0911.4904;%%"
}
@Article{Chatrchyan:2009ih,
     author    = "Chatrchyan, Serguei and others",
 collaboration = "CMS",
     title     = "{Calibration of the CMS Drift Tube Chambers and Measurement
                  of the Drift Velocity with Cosmic Rays}",
     journal   = "JINST",
     volume    = "5",
     year      = "2010",
     pages     = "T03016",
     eprint    = "0911.4895",
     archivePrefix = "arXiv",
     primaryClass  =  "physics.ins-det",
     SLACcitation  = "%%CITATION = 0911.4895;%%"
}
@Article{Chatrchyan:2009ig,
     author    = "Chatrchyan, Serguei and others",
 collaboration = "CMS",
     title     = "{Performance of the CMS Drift-Tube Local Trigger with
                  Cosmic Rays}",
     journal   = "JINST",
     volume    = "5",
     year      = "2010",
     pages     = "T03003",
     eprint    = "0911.4893",
     archivePrefix = "arXiv",
     primaryClass  =  "physics.ins-det",
     SLACcitation  = "%%CITATION = 0911.4893;%%"
}
@Article{Chatrchyan:2009ic,
     author    = "Chatrchyan, Serguei and others",
 collaboration = "CMS",
     title     = "{Commissioning of the CMS High-Level Trigger with Cosmic
                  Rays}",
     journal   = "JINST",
     volume    = "5",
     year      = "2010",
     pages     = "T03005",
     eprint    = "0911.4889",
     archivePrefix = "arXiv",
     primaryClass  =  "physics.ins-det",
     SLACcitation  = "%%CITATION = 0911.4889;%%"
}
@Article{Chatrchyan:2009hy,
     author    = "Chatrchyan, Serguei and others",
 collaboration = "CMS",
     title     = "{Identification and Filtering of Uncharacteristic Noise in
                  the CMS Hadron Calorimeter}",
     journal   = "JINST",
     volume    = "5",
     year      = "2010",
     pages     = "T03014",
     eprint    = "0911.4881",
     archivePrefix = "arXiv",
     primaryClass  =  "physics.ins-det",
     SLACcitation  = "%%CITATION = 0911.4881;%%"
}
@Article{Chatrchyan:2009hw,
     author    = "Chatrchyan, Serguei and others",
 collaboration = "CMS",
     title     = "{Performance of CMS Hadron Calorimeter Timing and
                  Synchronization using Test Beam, Cosmic Ray, and LHC Beam
                  Data}",
     journal   = "JINST",
     volume    = "5",
     year      = "2010",
     pages     = "T03013",
     eprint    = "0911.4877",
     archivePrefix = "arXiv",
     primaryClass  =  "physics.ins-det",
     SLACcitation  = "%%CITATION = 0911.4877;%%"
}
@Article{Chatrchyan:2009hg,
     author    = "Chatrchyan, Serguei and others",
 collaboration = "CMS",
     title     = "{Performance of the CMS Drift Tube Chambers with Cosmic
                  Rays}",
     journal   = "JINST",
     volume    = "5",
     year      = "2010",
     pages     = "T03015",
     eprint    = "0911.4855",
     archivePrefix = "arXiv",
     primaryClass  =  "physics.ins-det",
     SLACcitation  = "%%CITATION = 0911.4855;%%"
}
@Article{Chatrchyan:2009hb,
     author    = "Chatrchyan, Serguei and others",
 collaboration = "CMS",
     title     = "{Commissioning of the CMS Experiment and the Cosmic Run at
                  Four Tesla}",
     journal   = "JINST",
     volume    = "5",
     year      = "2010",
     pages     = "T03001",
     eprint    = "0911.4845",
     archivePrefix = "arXiv",
     primaryClass  =  "physics.ins-det",
     SLACcitation  = "%%CITATION = 0911.4845;%%"
}
@Article{:2009gz,
     author    = "Chatrchyan, Serguei and others",
 collaboration = "CMS",
     title     = "{CMS Data Processing Workflows during an Extended Cosmic
                  Ray Run}",
     journal   = "JINST",
     volume    = "5",
     year      = "2010",
     pages     = "T03006",
     eprint    = "0911.4842",
     archivePrefix = "arXiv",
     primaryClass  =  "physics.ins-det",
     SLACcitation  = "%%CITATION = 0911.4842;%%"
}
@Article{:2009ft,
     author    = "Chatrchyan, Serguei and others",
 collaboration = "CMS",
     title     = "{Aligning the CMS Muon Chambers with the Muon Alignment
                  System during an Extended Cosmic Ray Run}",
     journal   = "JINST",
     volume    = "5",
     year      = "2010",
     pages     = "T03019",
     eprint    = "0911.4770",
     archivePrefix = "arXiv",
     primaryClass  =  "physics.ins-det",
     SLACcitation  = "%%CITATION = 0911.4770;%%"
}
@Article{Chatrchyan:2009ks,
     author    = "Chatrchyan, Serguei and others",
 collaboration = "CMS",
     title     = "{Performance Study of the CMS Barrel Resistive Plate
                  Chambers with Cosmic Rays}",
     journal   = "JINST",
     volume    = "5",
     year      = "2010",
     pages     = "T03017",
     eprint    = "0911.4045",
     archivePrefix = "arXiv",
     primaryClass  =  "physics.ins-det",
     SLACcitation  = "%%CITATION = 0911.4045;%%"
}
@Article{:2009kr,
     author    = "Chatrchyan, Serguei and others",
 collaboration = "CMS",
     title     = "{Time Reconstruction and Performance of the CMS
                  Electromagnetic Calorimeter}",
     journal   = "JINST",
     volume    = "5",
     year      = "2010",
     pages     = "T03011",
     eprint    = "0911.4044",
     archivePrefix = "arXiv",
     primaryClass  =  "physics.ins-det",
     SLACcitation  = "%%CITATION = 0911.4044;%%"
}
@Article{Chatrchyan:2009km,
     author    = "Chatrchyan, Serguei and others",
 collaboration = "CMS",
     title     = "{Alignment of the CMS Muon System with Cosmic-Ray and Beam-
                  Halo Muons}",
     journal   = "JINST",
     volume    = "5",
     year      = "2010",
     pages     = "T03020",
     eprint    = "0911.4022",
     archivePrefix = "arXiv",
     primaryClass  =  "physics.ins-det",
     SLACcitation  = "%%CITATION = 0911.4022;%%"
}
@Article{Chatrchyan:2009si,
     author    = "Chatrchyan, Serguei and others",
 collaboration = "CMS",
     title     = "{Precise Mapping of the Magnetic Field in the CMS Barrel
                  Yoke using Cosmic Rays}",
     journal   = "JINST",
     volume    = "5",
     year      = "2010",
     pages     = "T03021",
     eprint    = "0910.5530",
     archivePrefix = "arXiv",
     primaryClass  =  "physics.ins-det",
     SLACcitation  = "%%CITATION = 0910.5530;%%"
}
@Article{Chatrchyan:2009qm,
     author    = "Chatrchyan, Serguei and others",
 collaboration = "CMS",
     title     = "{Performance and Operation of the CMS Electromagnetic
                  Calorimeter}",
     journal   = "JINST",
     volume    = "5",
     year      = "2010",
     pages     = "T03010",
     eprint    = "0910.3423",
     archivePrefix = "arXiv",
     primaryClass  =  "physics.ins-det",
     SLACcitation  = "%%CITATION = 0910.3423;%%"
}
@Article{Chatrchyan:2009sr,
     author    = "Chatrchyan, Serguei and others",
 collaboration = "CMS",
     title     = "{Alignment of the CMS Silicon Tracker during Commissioning
                  with Cosmic Rays}",
     journal   = "JINST",
     volume    = "5",
     year      = "2010",
     pages     = "T03009",
     eprint    = "0910.2505",
     archivePrefix = "arXiv",
     primaryClass  =  "physics.ins-det",
     SLACcitation  = "%%CITATION = 0910.2505;%%"
}
@Article{Friis:2008tg,
     author    = "Friis, E. K.",
 collaboration = "CMS",
     title     = "{Reconstruction and Identification of Hadronic Decays of
                  Taus using the CMS Detector}",
     year      = "2008",
     eprint    = "0810.3656",
     archivePrefix = "arXiv",
     primaryClass  =  "hep-ex",
     SLACcitation  = "%%CITATION = 0810.3656;%%"
}
@Article{:2008zzk,
     author    = "Adolphi, R. and others",
 collaboration = "CMS",
     title     = "{The CMS experiment at the CERN LHC}",
     journal   = "JINST",
     volume    = "3",
     year      = "2008",
     pages     = "S08004",
     SLACcitation  = "%%CITATION = JINST,3,S08004;%%"
}
